
@book{elem-fin-mauro,
  author        = {I-Shih Liu and Mauro A. Rincon and Waldecir Bianchini},
  title         = {Introdução ao Método de Elementos Finitos},
  publisher     = {Instituto de Matemática, UFRJ},
  pages         = {183},
  isbn          = {978-65-86502-00-8}
}

@online{Bacarmo,
  author       = {Bruno Alves do Carmo},
  title        = {Elementos Finitos},
  howpublished = {GitHub},
  url          = {https://github.com/bacarmo/Elementos_Finitos},
  note         = {Acessado em 7 de Setembro de 2024}
}

@online{Pereira,
  author       = {João Victor Lopez Pereira},
  title        = {Finite-Elements-Method},
  howpublished = {GitHub},
  url          = {https://github.com/joaovictorlopezpereira/Finite-Elements-Method},
  note         = {Acessado em 20 de Outubro de 2024}
}

@online{notas-cocada,
  author       = {João Victor Lopez Pereira},
  title        = {Computação Científica e Análise de Dados},
  howpublished = {},
  url          = {https://drive.google.com/file/d/1gs_W6fUx4uDV9xDi01Yx8VTbtRz86Lpq/view?usp=drive_link},
  note         = {Acessado em 31 de Março de 2025}
}
